<record><leader>00000cas a2200000 a 4500</leader><controlfield tag="001">32844572</controlfield><controlfield tag="007">hd bfu---baat</controlfield><controlfield tag="007">hd afu---bact</controlfield><controlfield tag="008">950720d19121919nbuwr nea     0    0ger c</controlfield><datafield ind1=" " ind2=" " tag="010"><subfield code="a">sn 95070034 </subfield></datafield><datafield ind1=" " ind2=" " tag="040"><subfield code="a">NVG</subfield><subfield code="b">eng</subfield><subfield code="c">NVG</subfield><subfield code="d">DLC</subfield><subfield code="d">OCLCQ</subfield><subfield code="d">OCLCF</subfield><subfield code="d">OCLCO</subfield></datafield><datafield ind1="1" ind2=" " tag="029"><subfield code="a">AU@</subfield><subfield code="b">000025893213</subfield></datafield><datafield ind1=" " ind2=" " tag="042"><subfield code="a">pcc</subfield></datafield><datafield ind1=" " ind2=" " tag="043"><subfield code="a">n-us-nb</subfield></datafield><datafield ind1="0" ind2="0" tag="245"><subfield code="a">Wo&#776;chentliche Omaha Tribu&#776;ne</subfield><subfield code="h">[microform].</subfield></datafield><datafield ind1="1" ind2="7" tag="246"><subfield code="a">Omaha Tribu&#776;ne</subfield><subfield code="f">21. Ma&#776;rz 1912-16. Nov. 1916</subfield></datafield><datafield ind1=" " ind2=" " tag="260"><subfield code="a">Omaha, Neb. :</subfield><subfield code="b">Tribune Pub. Co.,</subfield><subfield code="c">1912-1919.</subfield></datafield><datafield ind1=" " ind2=" " tag="300"><subfield code="a">7 v.</subfield></datafield><datafield ind1=" " ind2=" " tag="310"><subfield code="a">Weekly</subfield></datafield><datafield ind1="0" ind2=" " tag="362"><subfield code="a">30. Jahrg., no. 11 (21. Ma&#776;rz 1912)-36. Jahrg., Nr. 45 (25. Dez. 1919).</subfield></datafield><datafield ind1=" " ind2=" " tag="546"><subfield code="a">In German.</subfield></datafield><datafield ind1=" " ind2=" " tag="580"><subfield code="a">Daily ed.: Ta&#776;gliche Omaha Tribu&#776;ne (1912).</subfield></datafield><datafield ind1=" " ind2=" " tag="580"><subfield code="a">Absorbed: Bloomfield Germania, 1914, and: Cedar County Wa&#776;chter, 1919.</subfield></datafield><datafield ind1=" " ind2=" " tag="580"><subfield code="a">Merged with: Freie Presse (Council Bluffs, Iowa), to form: Council Bluffs freie Presse und wo&#776;chenliche Omaha Tribu&#776;ne.</subfield></datafield><datafield ind1=" " ind2=" " tag="533"><subfield code="a">Microfilm.</subfield><subfield code="m">1912-1919:[Gaps]</subfield><subfield code="b">Lincoln, Neb. :</subfield><subfield code="c">Nebraska State Historical Society,</subfield><subfield code="d">.</subfield><subfield code="e">4 microfilm reels ; 35 mm.</subfield></datafield><datafield ind1=" " ind2="0" tag="650"><subfield code="a">Germans</subfield><subfield code="z">United States</subfield><subfield code="v">Newspapers.</subfield></datafield><datafield ind1=" " ind2="0" tag="650"><subfield code="a">German Americans</subfield><subfield code="v">Newspapers.</subfield></datafield><datafield ind1=" " ind2="0" tag="650"><subfield code="a">German American newspapers.</subfield></datafield><datafield ind1=" " ind2="7" tag="655"><subfield code="a">Newspapers.</subfield><subfield code="2">fast</subfield><subfield code="0">(OCoLC)fst01423814</subfield></datafield><datafield ind1=" " ind2="7" tag="650"><subfield code="a">German American newspapers.</subfield><subfield code="2">fast</subfield><subfield code="0">(OCoLC)fst00941297</subfield></datafield><datafield ind1=" " ind2="7" tag="650"><subfield code="a">German Americans.</subfield><subfield code="2">fast</subfield><subfield code="0">(OCoLC)fst00941308</subfield></datafield><datafield ind1=" " ind2="7" tag="650"><subfield code="a">Germans.</subfield><subfield code="2">fast</subfield><subfield code="0">(OCoLC)fst00942100</subfield></datafield><datafield ind1=" " ind2="7" tag="651"><subfield code="a">United States.</subfield><subfield code="2">fast</subfield><subfield code="0">(OCoLC)fst01204155</subfield></datafield><datafield ind1=" " ind2=" " tag="752"><subfield code="a">United States</subfield><subfield code="b">Nebraska</subfield><subfield code="c">Douglas</subfield><subfield code="d">Omaha.</subfield></datafield><datafield ind1="1" ind2=" " tag="775"><subfield code="t">Ta&#776;gliche Ommaha Tribn&#776;e</subfield><subfield code="w">(DLC)sn 95070036</subfield></datafield><datafield ind1="0" ind2="1" tag="780"><subfield code="t">Omaha Tribu&#776;ne (Omaha, Neb. : 1909)</subfield><subfield code="w">(DLC)sn 95070033</subfield></datafield><datafield ind1="1" ind2="5" tag="780"><subfield code="t">Bloomfield Germania</subfield><subfield code="w">(DLC)sn 95069081</subfield></datafield><datafield ind1="1" ind2="5" tag="780"><subfield code="t">Cedar County Wa&#776;chter</subfield><subfield code="w">(DLC)sn 95070209</subfield></datafield><datafield ind1="1" ind2="7" tag="785"><subfield code="t">Freie Presse (Council Bluffs, Iowa)</subfield></datafield><datafield ind1="1" ind2="7" tag="785"><subfield code="t">Council Bluffs freie Presse und wo&#776;chenntliche Omha Tribu&#776;ne</subfield><subfield code="w">(DLC)sn 95070035</subfield></datafield></record>